3050 5017
155 1471 245 1544 Inter
287 1491 461 1546 sermonem
496 1474 689 1565 tragicorum
721 1480 886 1569 poetarum
918 1480 952 1548 et
985 1493 1102 1547 meram
1133 1470 1300 1558 Atthidem

53 1576 192 1648 eiusdem
214 1580 331 1649 aetatis
352 1581 437 1650 haud
459 1603 592 1671 parrum
614 1582 809 1653 intercedere
831 1582 996 1653 discrimen
1021 1581 1219 1651 notissimum
1240 1570 1301 1651 est.

51 1681 99 1750 Ac
120 1686 236 1772 poetas
257 1684 381 1771 quidem
403 1686 540 1754 omnium
550 1686 693 1774 gentium
715 1691 953 1775 temporumque
975 1687 1111 1754 omniurn
1123 1685 1184 1754 alia
1205 1688 1301 1773 atque

51 1789 89 1854 ea'
110 1786 293 1858 sublimiore
315 1788 437 1860 ratione
460 1790 581 1859 dicendi
610 1792 657 1859 nti
688 1810 725 1859 ac
758 1789 914 1879 pedestris
945 1789 1096 1858 orationis
1130 1789 1301 1877 scriptores

50 1894 228 1958 memoratu
250 1891 394 1961 nimirum
417 1893 545 1981 dignum
568 1914 629 1963 non
654 1897 704 1963 est
726 1913 784 1963 nec
812 1893 851 1963 de
881 1892 931 1961 his
962 1912 1022 1981 ego
1055 1892 1150 1963 rebus
1182 1892 1301 1980 loquor.

50 1992 113 2062 Sed
138 1995 332 2081 tragicorum
355 1995 545 2067 Graecorum
578 1998 674 2067 dictio
707 2004 741 2065 et
771 1995 880 2065 formis
913 1999 946 2065 et
979 1995 1103 2065 delectu
1135 1995 1302 2065 verborum

51 2097 129 2166 adeo
154 2098 261 2167 differt
281 2119 300 2168 a
322 2120 415 2189 prosa
437 2101 588 2186 oratione,
615 2105 653 2169 ut
675 2099 770 2170 etium
802 2098 917 2168 leviter
944 2098 1080 2187 legentis
1107 2098 1302 2168 mirationem

50 2203 190 2269 moveat.
234 2200 350 2289 Magna
372 2203 454 2272 enim
475 2204 646 2272 similitudo
669 2223 739 2274 esse
760 2203 888 2272 videtur
910 2202 994 2271 inter
1023 2203 1106 2270 hunc
1127 2222 1302 2272 sermonem

50 2304 264 2390 ethnicum,
287 2306 387 2393 qualis
409 2307 441 2373 in
463 2307 616 2376 Herodoti
650 2312 684 2376 et
705 2306 907 2397 Hippocratis
939 2305 1027 2375 libris
1059 2310 1159 2396 patet.
1216 2305 1302 2390 Quae

49 2427 104 2476 res
127 2408 283 2496 quomodo
306 2410 391 2478 facta
412 2410 466 2496 sit,
498 2416 586 2480 recte
607 2411 842 2501 perspiciemus
875 2409 901 2479 si
937 2409 1088 2497 originem
1120 2411 1302 2499 tragoediae

50 2511 196 2580 Graecae
239 2514 391 2582 sermonis
425 2519 571 2584 accurate
604 2515 851 2602 cognoverimus.
892 2513 1083 2582 Graecorum
1119 2514 1200 2583 enim
1234 2517 1304 2583 erat

50 2619 220 2705 poetarum
242 2619 446 2698 consuetudo,
470 2626 517 2702 nt,
541 2640 632 2706 quem
654 2638 828 2689 sermonem
862 2622 973 2687 auctor
995 2618 1121 2704 generis
1144 2617 1303 2686 cuiusdam

53 2721 229 2788 carminum
251 2721 447 2808 adhibuerat,
470 2723 600 2791 eundem
624 2743 732 2793 omnes
743 2727 952 2810 sequerentur
963 2727 1084 2812 poetae,
1107 2723 1159 2809 qni
1182 2721 1305 2809 quidem

50 2824 95 2892 illi
120 2823 294 2893 carminum
316 2825 426 2913 generi
449 2846 574 2916 operam
597 2826 718 2897 darent.
763 2827 810 2895 Ut
822 2826 899 2915 epici
917 2825 948 2892 ni
961 2826 1052 2893 fallor
1068 2846 1175 2895 omnes
1191 2830 1304 2915 poetae

51 2927 166 2999 Graeci
190 2928 357 2997 verborum
379 2930 621 3018 formarumque
642 2930 830 3000 varietatem
864 2929 1040 2999 Homericis
1072 2950 1090 2998 e
1117 2929 1304 2998 carminibus

50 3036 272 3123 sumpserunt3
294 3035 341 3112 ut,
365 3033 582 3120 quicanticum
604 3053 623 3102 a
641 3037 769 3104 caterva
786 3033 1050 3124 pronuntiandum
1072 3037 1303 3123 componerent,

52 3136 205 3205 flosculos
226 3136 310 3204 haud
332 3156 449 3225 paucos
473 3137 643 3225 carpebant
677 3159 694 3207 e
727 3138 861 3207 dialecto
892 3137 1032 3206 Dorica¹.
1086 3136 1185 3205 Simili
1216 3137 1306 3206 modo

48 3241 173 3309 factum
196 3243 256 3325 est,
291 3243 328 3308 ut
351 3241 487 3310 sermoni
520 3241 692 3310 fabularum
727 3242 918 3311 Graecarum
949 3242 1120 3311 similitudo
1154 3243 1304 3329 quaedam

47 3345 94 3412 sit
118 3365 191 3412 cum
213 3364 356 3414 sermone
370 3344 489 3413 Jonico.
533 3345 613 3414 Nam
636 3348 670 3415 et
693 3349 880 3414 tetrameter
902 3346 1079 3415 trochaicus
1106 3352 1140 3415 et
1161 3346 1304 3432 serrarius

48 3449 216 3533 iambicus,
240 3448 351 3535 qnibns
375 3447 518 3517 versibus
540 3450 712 3518 utebantur
733 3454 846 3538 poetae
882 3449 1005 3536 tragici,
1035 3450 1135 3539 primo
1162 3470 1181 3516 a
1202 3450 1306 3537 poetis

48 3553 173 3622 Jonicis
205 3552 457 3622 adhibebantnr2.
513 3554 625 3622 Mirum
657 3554 756 3641 igitur
789 3573 851 3620 nou
887 3556 937 3621 est
969 3573 1032 3621 nna
1064 3574 1134 3621 cnm
1161 3552 1305 3622 versibus

48 3657 115 3724 illis
139 3656 224 3724 haud
245 3678 345 3746 panca
368 3658 435 3726 eius
457 3659 619 3744 sermonis,
643 3679 703 3745 quo
736 3658 836 3746 primo
860 3657 978 3725 exculti
1006 3660 1107 3742 erant,
1141 3657 1305 3746 irrepsisse

47 3761 82 3828 in
118 3759 312 3845 tragicorum
335 3766 498 3850 poetarum
521 3782 623 3849 genus
645 3761 777 3829 dicendi.
831 3760 1002 3829 Contendit
1024 3760 1147 3849 quidem
1169 3761 1305 3830 Ruther-

47 3863 177 3932 fordius
210 3864 402 3951 tragicorum
432 3864 552 3933 dicendi
588 3864 742 3933 rationem
786 3864 974 3953 respondere
1018 3864 1151 3932 sermoni
1195 3865 1305 3932 Attico

46 3967 123 4036 eius
146 3967 273 4051 aetatis,
308 3988 369 4055 qua
391 3968 556 4055 tragoedia
578 3972 648 4036 orta
669 3967 724 4036 sit.
771 3968 856 4054 „The
888 3967 973 4036 basis
1007 3969 1042 4036 ol
1061 3967 1116 4037 the
1149 3968 1305 4056 language

46 4072 86 4140 of
108 4070 258 4157 Tragedy
280 4071 307 4139 is
330 4071 385 4140 the
407 4072 498 4140 Attio
521 4072 556 4141 of
586 4072 643 4141 the
675 4072 761 4158 time,
794 4072 887 4140 when
909 4071 1056 4158 urageoy
1088 4071 1206 4160 spraog
1240 4071 1306 4139 into

47 4173 169 4247 life.“³.
212 4174 276 4243 Sed
298 4195 391 4243 cansa
413 4180 546 4258 nonest,
569 4196 626 4244 cnr
636 4176 799 4246 credamus
810 4194 983 4243 sermonem
995 4174 1150 4261 tragicum
1160 4178 1306 4243 accurate

47 4299 230 4368 congruere
252 4299 322 4348 cum
345 4279 408 4347 ullo
430 4299 573 4349 sermone
595 4279 759 4365 communi,
783 4298 853 4348 cnm
875 4281 1000 4347 constet
1028 4298 1098 4346 eum
1119 4298 1182 4346 non
1203 4278 1305 4346 minus

85 4430 110 4496 ¹)
131 4428 166 4487 ct.
185 4426 218 4481 de
234 4427 278 4480 hia
295 4428 374 4480 robur
391 4427 593 4481 Wllamovritzii
610 4427 675 4493 phil.
694 4428 757 4485 Unt.
775 4426 826 4480 Vll
844 4442 870 4493 p.
890 4427 953 4486 30⁰.
971 4440 1032 4491 sqq.

85 4516 112 4585 ²)
132 4517 161 4570 ol
185 4514 348 4581 Bernhardy,
367 4515 412 4575 Gr,
431 4514 458 4573 d.
477 4530 518 4579 gr.
536 4515 605 4572 uite.
623 4513 666 4575 od.
685 4515 714 4567 V.
734 4512 947 4572 ed.Vollrmann.
968 4514 1045 4566 1892.
1064 4512 1078 4564 Ι
1094 4527 1121 4579 p.
1136 4512 1195 4570 381.
1207 4512 1304 4575 Christ,

133 4602 230 4661 donch.
248 4599 274 4658 d.
292 4616 330 4665 gr,
349 4601 417 4661 atet.
436 4617 466 4668 p.
485 4600 545 4659 116.
1205 4623 1208 4629 ·

86 4687 117 4758 ⁸)
135 4690 170 4749 ol.
188 4686 356 4753 Rutheriord,
374 4688 420 4741 the
437 4702 496 4741 new
513 4686 685 4757 Phrynichus,
703 4686 812 4739 London
832 4686 908 4744 1881.
928 4701 956 4752 p.
974 4686 1000 4742 3.
