3050 5017
700 191 917 258 ..24-

185 382 349 451 Accedunt
371 379 455 448 haud
475 378 566 468 pauci
587 378 646 447 loci
668 378 821 463 Platonis,
843 379 896 466 qui
918 399 994 449 vero
1015 377 1088 471 buic
1111 400 1233 468 quoquc
1255 382 1325 450 voci
1341 381 1429 450 addit

185 484 343 553 notionem
363 473 554 572 ‘sepultura'.
607 481 688 567 ταφή
719 480 829 568 igitur,
861 483 943 570 quod
973 483 1006 550 in
1037 483 1223 553 carminibus
1255 486 1429 554 Homericis

186 591 309 656 omnino
331 586 564 656 noniuvenitur
585 605 686 674 neque
708 586 772 654 ullo
784 585 965 655 Atticorum
977 588 1165 678 scriptorum
1181 589 1248 658 loco
1271 590 1430 659 notionem

184 693 281 761 habet
300 683 506 780 ‘sepulcrum‘,
528 689 608 758 hauc
630 690 694 759 vim
715 688 800 757 haud
822 710 894 760 raro
917 693 1046 762 exhibet
1074 693 1157 782 apud
1177 694 1255 764 Her.
1278 696 1312 762 et
1335 693 1429 784 Soph.

187 796 233 866 Of.
256 796 333 866 Her.
354 795 370 862 Ι
392 797 444 866 24.
469 795 540 864 198.
563 794 593 862 Π
618 797 690 865 169.
716 797 788 864 170.
811 794 857 863 ΠΙ
883 800 931 866 10.
956 799 1007 867 16.
1029 797 1087 883 bis,
1110 797 1156 865 IV
1179 797 1301 884 rabis,
1325 797 1356 865 V
1379 801 1430 869 63.

187 900 283 989 Soph.
305 898 573 968 4110901109.
598 895 702 966 Ceteri
725 917 802 966 vcro
825 900 940 987 tragici
961 904 1074 989 poetae
1096 896 1423 990 uotione‘sepulorum

187 1003 300 1091 ubique
322 999 419 1086 τάφος
440 1002 683 1089 usurpaverunt,
706 1004 744 1069 ut
765 1001 881 1072 Aesch.
905 1000 982 1074 Cho.
1008 1008 1079 1075 108.
1105 1007 1176 1074 168.
1199 1005 1217 1045 a
1239 1006 1430 1075 336.*352.
1490 1029 1493 1032 ’

187 1111 261 1176 488.
283 1106 359 1173 Eur.
376 1103 449 1193 pr.
472 1104 564 1173 laur.
588 1107 662 1173 625.
686 1106 855 1176 632703.
885 1106 954 1174 aliis
981 1108 1057 1176 locis
1089 1107 1265 1196 permultis,
1334 1106 1432 1192 Quam

189 1211 254 1278 vim
279 1209 374 1278 etiam
397 1207 479 1297 apud
501 1206 577 1277 Her.
600 1206 742 1275 undecim
764 1208 841 1276 locIs
873 1208 970 1296 τάφος
1001 1210 1106 1281 habet.
1149 1210 1270 1279 Melicis
1303 1211 1435 1299 denique

187 1315 219 1382 in
241 1312 384 1383 versibus
405 1309 501 1379 semel
523 1310 580 1381 Ar.
603 1310 672 1379 voci
693 1310 776 1396 ταφή
789 1312 929 1382 Jonicam
940 1314 1099 1384 notionem
1120 1313 1250 1401 addidit,
1273 1335 1342 1386 rao.
1360 1318 1432 1386 423.

394 1414 444 1480 τὸν
467 1411 632 1499 Κλεισθένη
656 1411 788 1480 δ’ἆκοὺω

393 1517 422 1583 ἐν
443 1525 510 1591 ταῖς
530 1525 656 1604 ταφαῖσι
676 1519 814 1603 πρωκτὸν

393 1621 501 1689 τίλλειν
523 1623 632 1687 ἑαυτοῦ
654 1621 705 1687 καὶ
728 1622 905 1708 σπαράττειν
927 1622 981 1700 τὰς
1002 1623 1139 1707 γνάθους.

292 1726 340 1794 De
362 1744 439 1794 voca
461 1731 620 1811 χοῖρος
641 1724 720 1797 Ath.
738 1726 790 1794 lx
811 1748 842 1816 p.
864 1727 968 1798 3750.
990 1727 1068 1796 haec
1098 1731 1229 1797 mouet:
1272 1735 1379 1813 χοῖρον
1402 1729 1435 1793 δὲ

191 1825 299 1904 Ἴωνες
320 1834 447 1895 καλοῦσι
457 1829 510 1914 τὴν
532 1829 669 1913 θήλειαν,
693 1829 736 1905 ὡς
754 1825 902 1905 Ἱππῶναξ
921 1828 972 1896 καὶ
993 1835 1152 1917 Σοφοκλῆς
1174 1829 1223 1896 ἐπὶ
1245 1831 1433 1917 Ταιναρίοιςε

296 1931 406 2018 Τοιγὰρ
429 1931 478 1997 Ἰὼ
501 1934 549 1998 δεῖ
571 1931 702 2018 φυλάξαι
723 1942 827 2019 χοῖρον
851 1933 927 2009 ὥςτε
949 1934 1070 2018 δεσμίαν
1094 1936 1147 2022 (cf.
1170 1935 1208 2004 fr.
1232 1934 1333 2019 alu).
1370 1934 1433 2003 Sed

188 2035 220 2102 in
242 2056 335 2122 prosa
357 2036 498 2104 oratione
520 2055 560 2104 ne
582 2037 664 2123 apud
686 2036 813 2105 Jonicos
835 2037 958 2125 quidem
980 2039 1150 2127 scriptores
1178 2039 1255 2105 haec
1289 2037 1432 2107 vocabuli

188 2142 274 2207 notio
298 2144 416 2224 exstat,
439 2144 476 2208 ut
492 2139 585 2227 Hipp.
608 2140 693 2208 nullo
715 2141 783 2209 loco
804 2148 911 2225 χοῖρος
932 2160 988 2228 pro
1010 2139 1110 2207 αἰδοῖα
1133 2141 1218 2210 dicit.
1262 2140 1433 2209 Poetarum

188 2263 264 2312 vero
286 2242 337 2311 hic
359 2243 525 2312 Heroodao
547 2243 737 2312 mentionem
758 2244 892 2327 iniciam,
927 2244 978 2331 qui
1013 2244 1090 2313 VIII
1123 2249 1154 2316 2.
1189 2248 1218 2314 l.
1249 2244 1311 2314 hoc
1342 2245 1431 2315 modo

189 2355 295 2432 χοῖρος
316 2347 491 2434 usurparit.
536 2348 584 2415 Ac
606 2350 703 2428 certo,
726 2367 806 2435 quae
829 2347 911 2434 apud
932 2347 1146 2417 AthendIcta
1163 2354 1249 2433 suut,
1271 2348 1432 2435 adpoetas

189 2451 454 2538 solospertiueut.
474 2451 569 2537 Apud
590 2451 674 2520 Plat.
696 2471 757 2520 uno
780 2452 847 2519 loco
857 2459 964 2536 χοῖρος
973 2450 1101 2538 legitur,
1113 2452 1240 2519 notione
1249 2445 1432 2537 porcellus,

189 2575 254 2642 rep.
277 2555 307 2622 Il
329 2556 435 2625 378Α.
458 2555 571 2625 dasch.
595 2575 722 2642 prorsus
745 2555 898 2623 abstinuit
921 2556 980 2623 hac
1001 2575 1079 2624 voce
1101 2555 1133 2622 iu
1164 2556 1337 2641 tragoediis
1370 2575 1432 2623 ser-

188 2659 282 2743 vatis
305 2664 401 2747 atque
423 2659 513 2727 unico
535 2657 603 2727 loco
626 2658 803 2742 Homerico,
835 2659 884 2729 od.
918 2658 1006 2727 XIV.
1038 2662 1101 2744 73,
1134 2660 1272 2745 genuina
1305 2659 1432 2727 notione

189 2763 330 2831 adhibita
352 2767 412 2833 est.
456 2762 587 2849 Saepius
610 2768 716 2831 autern
739 2782 776 2830 ea
798 2765 854 2832 Ar.
878 2782 954 2830 usus
977 2766 1027 2831 est
1060 2782 1115 2849 pro
1148 2770 1301 2846 pertracta
1333 2761 1433 2828 αἰδοῖα

190 2866 464 2953 (3051724311.
488 2869 562 2935 289.
584 2869 657 2934 538.
681 2867 782 2953 540),
805 2886 863 2935 nec
885 2886 960 2934 vero
984 2866 1045 2934 alia
1072 2866 1111 2934 de
1144 2886 1238 2933 causa
1271 2865 1433 2933 admisisse

191 2991 259 3040 eam
281 2969 417 3056 videtur,
439 2990 475 3037 ac
496 2970 644 3038 ridiculae
665 2970 753 3039 verbi
766 2970 983 3058 ambiguitatis
994 2990 1097 3055 causa,
1121 2990 1190 3036 cum
1213 2974 1246 3038 et
1260 2961 1433 3056 ‘porcellus’

191 3094 260 3144 csse
282 3074 383 3161 possit
414 3079 448 3143 et
478 3066 627 3143 ‘cunnus'.
660 3113 703 3120 —
734 3072 876 3161 Denique
909 3072 1078 3140 στέλλω
1109 3073 1311 3142 intransitiva
1342 3092 1433 3160 quam

191 3198 349 3262 vocamur,
369 3177 497 3247 notione
518 3178 652 3264 legimus
678 3176 852 3244 adhibitum
874 3176 950 3246 Her.
983 3177 1029 3245 IV
1056 3179 1126 3247 147.
1157 3175 1433 3263 (Θήρας-ἔστελλε

192 3282 224 3357 ἐς
245 3280 380 3367 ἀποικίην
402 3312 446 3330 =
468 3284 628 3369 profectus
651 3283 725 3368 est),
750 3283 821 3350 148.
844 3282 875 3348 V
900 3284 970 3349 125.
998 3302 1034 3349 ac
1067 3281 1187 3349 duobus
1218 3279 1316 3367 Soph.
1347 3279 1432 3361 locis

191 3388 251 3455 Ph.
273 3390 347 3455 971.
370 3389 404 3454 et
426 3390 499 3456 340.

803 3574 834 3643 b.

297 3698 366 3766 Jam
390 3718 426 3765 ea
457 3698 551 3765 liceat
584 3716 766 3765 enumerare
799 3695 932 3779 nomina,
966 3713 1045 3782 quae
1075 3694 1114 3761 ab
1147 3691 1257 3759 AttIco
1290 3708 1429 3758 sermone

192 3822 321 3889 prorsus
343 3801 443 3869 aliena
465 3805 549 3886 sunt,
571 3801 603 3867 iu
626 3800 739 3868 Jonum
772 3819 846 3867 vero
877 3798 1130 3885 tragicorumque
1162 3814 1278 3882 genere
1312 3792 1429 3862 dIceudi

193 3909 370 3975 occurrunt.

299 4014 328 4079 1.
352 4010 399 4075 Ac
421 4008 553 4094 prImum
576 4007 699 4095 quidem
721 4007 805 4074 baud
835 4026 906 4074 raro
927 4005 1027 4073 Ionici
1058 4004 1227 4090 scriptores
1261 4001 1429 4089 composita

193 4112 290 4182 verba
311 4112 354 4180 ibi
376 4112 574 4197 adhibebant,
597 4111 649 4179 ubi
671 4108 773 4179 Attici
796 4109 955 4178 vocabulis
985 4107 1222 4195 simplicioribus
1251 4106 1429 4173 utebantur.

195 4216 333 4300 Quorum
355 4236 372 4285 e
394 4236 522 4284 numero
544 4214 626 4301 apud
647 4213 743 4301 Soph.
776 4214 886 4299 solum,
919 4233 981 4281 non
1014 4211 1096 4301 apud
1128 4215 1250 4279 ceteros
1282 4210 1429 4296 tragicos,

193 4320 396 4389 inveniuntur
416 4320 513 4388 haec:
537 4316 703 4403 ὁδοιπορὲιο
725 4338 782 4405 pro
803 4315 879 4384 ἰέναι
899 4317 951 4385 vel
972 4316 1109 4400 βαδίζειν.
1153 4314 1271 4382 Exstat
1293 4315 1369 4383 Her.
1385 4312 1427 4380 lV

198 4429 268 4492 110.
294 4429 366 4493 116.
388 4423 481 4508 Hipp.
505 4444 534 4508 p.
558 4426 631 4492 338.
654 4426 715 4507 ter,
737 4426 811 4492 378.
834 4425 909 4492 408.
942 4423 1017 4488 417.
1050 4423 1126 4490 479.
1158 4419 1216 4503 bis,
1250 4422 1325 4488 485.
1355 4418 1426 4485 486.

197 4533 267 4597 511.
294 4531 366 4595 538.
389 4525 446 4608 bia,
471 4528 544 4592 539.
568 4529 640 4594 516.
663 4528 735 4593 641.
759 4528 833 4592 747.
857 4527 930 4593 752.
954 4527 1028 4594 758.
1050 4527 1124 4592 819.
1157 4526 1231 4591 822.
1264 4521 1322 4606 bis,
1355 4523 1426 4589 824.
