3050 5017
1021 197 1568 319 ³-57-

1149 966 1559 1080 Vita.

318 1259 526 1330 Natus
588 1279 728 1330 sum
794 1258 1106 1329 Henricus
1173 1256 1541 1327 Wittekind
1604 1256 1932 1345 Budingae
1988 1278 2045 1329 a.
2094 1257 2154 1329 d'.
2208 1256 2385 1329 ΧΙΠ.
2450 1256 2597 1327 Kal.

118 1364 342 1437 Sextil.
410 1365 555 1433 anni
606 1363 672 1435 h.
728 1384 781 1435 S.
835 1362 1098 1435 LXVII.
1142 1364 1326 1452 patre
1369 1362 1625 1448 Jacobo,
1670 1365 1873 1432 matre
1918 1360 2277 1432 Christiana
2322 1383 2357 1431 e
2400 1365 2598 1449 gente

115 1466 353 1557 Meyer.
439 1469 660 1538 Fidem
724 1468 1025 1558 profiteor
1092 1466 1539 1555 evangelicam.
1628 1466 2019 1536 Litterarum
2084 1466 2411 1536 elementis
2447 1487 2452 1493 ’
2488 1466 2599 1535 illo

111 1572 245 1660 ipso
284 1573 349 1641 in
382 1572 604 1661 oppido
638 1572 918 1641 imbutus
949 1592 1109 1641 anno
1133 1570 1457 1639 LXXVII.
1493 1570 1812 1658 discipulis
1845 1570 2162 1659 gymnasii
2180 1570 2601 1659 Budingensis

113 1676 426 1764 ascriptus
467 1697 629 1749 sum.
716 1676 1109 1746 Maturitatis
1174 1675 1607 1745 testimonium
1671 1674 1939 1765 adeptus
2003 1696 2164 1744 anno
2232 1674 2595 1746 LXXXVI.

112 1780 596 1869 Heidelbergam
661 1801 762 1850 me
825 1780 1060 1849 contuli
1123 1780 1331 1869 ibique
1375 1800 1488 1867 per
1533 1780 1859 1869 quinquies
1903 1801 2020 1850 sex
2064 1800 2312 1851 menses
2354 1780 2602 1850 scholas

111 1884 257 1971 adii,
325 1905 480 1973 quas
545 1884 902 1954 habuerunt
963 1884 1083 1954 viri
1139 1883 1483 1956 doctissimi
1572 1885 1863 1971 Bartsch,
1934 1884 2145 1971 Duhn,
2189 1885 2272 1957 K.
2315 1883 2599 1972 Fischer,

117 1986 389 2075 Osthoff,
432 1987 670 2074 Rohde,
716 1987 948 2059 Scholl.
1036 1988 1364 2058 Seminarii
1410 1988 1770 2076 philologici
1814 1989 1904 2057 fui
1950 1989 2183 2059 sodalis
2250 1990 2600 2059 ordinarius

51 2080 56 2087 ⁵
110 2113 226 2180 per
270 2092 396 2161 tria
439 2092 833 2164 semenstria.
919 2092 1162 2162 Deinde
1209 2090 1457 2162 Gissam
1503 2092 1796 2179 migravi,
1843 2093 1949 2162 ubi
1994 2113 2107 2181 per
2133 2092 2463 2182 quinquies
2484 2115 2601 2164 sex

106 2216 356 2266 menses
389 2196 453 2265 hi
489 2216 588 2265 me
621 2196 970 2266 docuerunt
1001 2195 1123 2264 viri
1154 2195 1542 2265 doctissimi:
1586 2196 1933 2285 Behaghel,
1980 2195 2257 2284 Oncken,
2300 2198 2597 2286 Philippi,

109 2301 189 2372 de
257 2302 456 2391 Ropp,
525 2301 831 2387 Schmidt,
900 2301 1186 2388 Schiller,
1251 2301 1538 2371 Siebeck.
1626 2303 1794 2372 Vere
1862 2303 2005 2372 anni
2071 2303 2239 2376 XCI.
2309 2306 2596 2375 examine

105 2409 408 2492 superato
431 2404 815 2474 Darmstadii
860 2404 1120 2475 interfui
1162 2406 1392 2475 studiis
1437 2396 1881 2494 paedagogicis
1925 2408 1989 2474 in
2033 2408 2387 2495 seminario,
2434 2410 2598 2497 quod

103 2508 481 2596 Nodnagelii
526 2509 642 2578 sub
689 2509 981 2597 auspiciis
1035 2510 1240 2579 floret.
1305 2509 1652 2597 Postquam
1694 2512 1829 2578 tum
1872 2512 2199 2601 Budingac
2244 2533 2437 2581 unum
2481 2533 2599 2600 per

105 2633 346 2682 annum
385 2614 452 2681 et
472 2612 854 2699 Mogontiaci
889 2633 1135 2683 menses
1165 2613 1495 2682 nonnullos
1528 2615 1834 2702 magister
1855 2616 1965 2702 fui,
2012 2617 2197 2685 ludus
2241 2617 2600 2687 litterarum

100 2718 522 2805 ingenuarum
575 2717 940 2805 Hungensis
1005 2718 1157 2786 mihi
1220 2716 1587 2787 commissus
1656 2721 1778 2805 est,
1830 2720 2008 2789 cuius
2063 2720 2418 2790 etiamnunc
2461 2742 2601 2790 sum

99 2821 420 2909 magister
464 2825 531 2890 et
573 2823 804 2893 rector.

316 2923 537 2994 Liceat
581 2924 732 2992 mihi
777 2924 1043 3013 denique
1087 2945 1228 2993 cum
1273 2925 1503 2994 ceteris
1549 2926 1873 3014 magistris
1916 2929 2071 2999 meis
2114 2930 2358 3017 gratias
2401 2952 2599 3020 agere

102 3049 295 3117 quam
343 3027 672 3114 maximas,
719 3033 856 3097 tum
900 3029 975 3101 E.
1021 3027 1613 3115 Schwartzyio,
1658 3051 1697 3100 a
1742 3052 1865 3120 quo
1934 3039 2168 3121 quanta
2211 3035 2607 3123 benignitate

101 3138 168 3203 et
240 3132 622 3201 liberalitate
688 3132 806 3202 hoc
875 3132 940 3199 in
1003 3132 1299 3220 opusculo
1345 3133 1723 3203 conficiendo
1768 3135 2021 3205 adiutus
2066 3137 2204 3225 sim,
2261 3159 2598 3227 numquam

97 3237 470 3308 obliviscar.
