3050 5017
612 241 807 307 -7..

187 424 321 494 Utvero
345 428 585 511 eorevertatur,
607 425 689 495 unde
702 425 844 513 digressa
867 428 926 508 est,
950 423 1064 493 oratio:
1087 443 1148 492 non
1171 423 1329 494 dubitavit

83 524 258 615 Sophocles
280 527 310 595 in
334 528 464 597 canticis
487 529 591 598 Dorici
625 529 777 597 sermonis
808 527 891 596 haud
913 549 1012 617 pauca
1043 528 1220 603 admittere.
1264 526 1328 596 Gur

8 663 11 678 ›
83 629 185 716 igitur
206 630 337 699 eundem
359 635 485 720 poetam
506 652 657 719 negemus
680 631 711 699 in
733 631 863 700 iambico
885 630 1009 718 dialogo
1031 630 1210 700 adhibuisse
1231 630 1328 700 uerba

82 732 261 821 formasque
296 734 362 802 eius
394 736 556 818 sermonis
590 756 650 823 quo
683 734 847 803 iambicum
880 754 1004 804 carmen
1036 733 1135 823 primo
1168 734 1328 802 excultum

85 837 183 904 erat?
215 838 301 906 Haec
324 840 427 908 omnia
448 840 475 910 si
498 838 755 921 consideraveris,
778 859 840 907 non
862 837 1030 923 dubitabis,
1059 836 1132 925 quin
1159 836 1328 905 habeamus

84 935 115 1006 in
134 931 281 1009 'sermone
303 944 494 1029 tragicorum
517 942 698 1012 Atticorum
720 963 782 1011 non
804 940 948 1010 Atthidis
970 940 1154 1009 vetustioris
1183 939 1329 1027 vestigia,

81 1043 136 1110 sed
160 1042 259 1133 ipsius
280 1044 377 1113 Jadis.
427 1043 513 1130 Quae
546 1045 693 1131 vestigia,
726 1048 763 1113 ut
797 1045 879 1134 apud
912 1065 1018 1113 omnes
1049 1044 1187 1130 tragicos
1220 1046 1330 1132 poetas

84 1149 226 1231 exstant,
268 1147 314 1215 ita
346 1149 479 1238 plurima
519 1150 601 1239 opud
634 1149 829 1238 Sophoclem.
884 1149 945 1218 Est
976 1148 1037 1234 hic,
1071 1152 1109 1216 ut
1141 1148 1186 1215 ita
1220 1147 1329 1233 dicam,

82 1249 301 1319 Jonicissimus
323 1255 497 1340 poetarum.

190 1352 279 1437 Quod
301 1376 392 1443 quarn
415 1360 501 1425 recte
524 1356 642 1423 dictum
664 1355 717 1441 sit,
749 1355 831 1423 intra
862 1354 1044 1424 videbimus.
1093 1353 1176 1422 Sunt
1207 1355 1329 1442 quidem

84 1457 170 1526 haud
193 1478 293 1545 pauca
315 1479 333 1527 a
355 1458 578 1529 Rutherlordio
601 1459 741 1544 collecta,
764 1459 820 1527 sed
846 1458 964 1527 multae
987 1463 1021 1527 et
1052 1458 1170 1527 formae
1203 1459 1331 1528 lonicae

83 1565 118 1629 at
140 1580 238 1629 voces
259 1561 479 1650 adiungentur.
523 1564 590 1632 Neo
612 1583 670 1631 nos
703 1562 826 1631 cantica
860 1561 1051 1647 omittemus,
1086 1582 1165 1649 qnae
1197 1562 1247 1630 uir
1279 1562 1331 1631 ille

81 1665 197 1733 doctus
231 1665 373 1734 consulto
395 1687 457 1735 non
490 1666 671 1756 respexite)
726 1666 890 1735 Materiem
922 1685 998 1733 vero
1031 1666 1077 1733 ito
1109 1665 1263 1753 congessi,
1294 1669 1331 1733 ut

84 1767 250 1855 Aeschyli,
273 1767 446 1858 Sophoclis,
468 1769 636 1859 Euripidis,
668 1770 902 1859 Aristophanis,
924 1769 1087 1853 Jsooratis,
1120 1768 1332 1859 Hippocratis,

82 1872 280 1959 Herodoti2),
303 1872 470 1942 Herondae
491 1874 609 1963 scripta
632 1875 734 1943 omnia
757 1873 926 1960 diligenter
953 1874 1157 1963 perlegerem,
1191 1874 1331 1958 aliorum,

82 1998 162 2064 quos
186 1976 322 2063 laudaui,
344 1978 532 2066 scriptorum
554 1979 639 2047 locos
666 2000 706 2047 ex
730 1978 826 2047 Henr.
860 1977 1023 2067 Stephani,
1056 1977 1209 2064 Passovii‚
1242 1978 1333 2067 Papii

81 2081 196 2150 lexicis
218 2081 405 2168 colligerem.
448 2081 591 2150 Platonis
613 2082 697 2150 locos
721 2104 761 2151 ex
785 2081 869 2150 Astii
892 2082 993 2151 lexico
1015 2082 1144 2172 sumpsi.

189 2184 330 2272 Denique
353 2185 538 2253 monendum
561 2186 688 2255 uidetur
710 2186 906 2255 Herodotum
928 2185 1085 2254 nonnullis
1113 2185 1189 2253 locis
1209 2186 1332 2274 poetica

83 2289 219 2376 quadam
241 2288 363 2358 ratione
386 2289 507 2357 dicendi
529 2290 617 2378 atil),
640 2311 732 2378 quam
753 2291 793 2359 ob
805 2310 870 2359 rem
883 2311 952 2358 cum
965 2285 1129 2376 diligentia
1139 2289 1332 2358 adhibendus

84 2395 145 2461 est.
192 2391 394 2481 Hippocratis
417 2412 492 2460 vero
514 2394 609 2466 dictio
632 2395 725 2482 longe
749 2395 840 2462 abest
854 2415 872 2462 a
885 2393 1063 2463 sublimiore
1074 2414 1191 2483 genere
1202 2394 1334 2463 dicendi.

83 2493 173 2580 Qurae
196 2496 295 2584 igitur
317 2495 399 2584 apud
422 2495 574 2565 medicum
597 2508 740 2566 nostrum
762 2501 902 2584 exstant,
925 2498 1080 2588 poeticam
1102 2497 1237 2586 speciem
1258 2519 1334 2586 prae

82 2621 117 2668 se
139 2619 205 2668 non
227 2601 344 2683 femmt,
365 2598 541 2669 sedJonica
562 2603 702 2691 putanda
724 2605 810 2670 sunt.
828 2601 971 2670 Jonicum
994 2605 1100 2671 autem
1122 2605 1156 2670 et
1176 2602 1333 2690 poeticum

82 2724 262 2773 sermonem
284 2705 335 2774 hio
357 2706 419 2776 illio
452 2708 522 2773 arte
548 2705 716 2775 cohaerere
749 2705 861 2772 mirum
893 2726 955 2774 non
989 2707 1049 2790 est,
1078 2725 1148 2774 cum
1181 2705 1334 2774 dialectos

82 2810 136 2878 illa
159 2830 179 2877 a
201 2808 305 2898 poetis
326 2810 426 2898 primo
449 2809 534 2877 culta
555 2808 599 2876 sit
621 2811 655 2877 et
677 2808 863 2878 exercitata.

90 2925 93 2933 ⁴
190 2914 261 2981 Jam
283 2915 321 2982 ad
344 2934 409 2982 rem
434 2914 532 3003 ipsam
555 2913 746 2981 accedamus,
791 2911 922 2998 Singula
945 2911 1003 2981 hoc
1037 2911 1145 2982 ordine
1167 2914 1332 3003 proferam.

326 3016 351 3084 Ι.Ι
374 3017 412 3084 de
435 3018 601 3085 verborum
623 3016 741 3101 formis

319 3121 358 3189 ll.
380 3122 419 3190 de
440 3122 607 3190 uerborum
628 3120 763 3205 delectu,

308 3224 363 3291 Ill.
385 3225 424 3292 de
446 3224 615 3292 dictionum
637 3223 870 3291 constructione
893 3222 1053 3291 disseram.

190 3329 360 3412 AuctoreS,
383 3329 495 3417 quibus
519 3348 594 3396 usus
615 3348 694 3411 sum,
717 3347 775 3395 suo
798 3345 950 3415 quemque
972 3326 1040 3394 loco
1062 3323 1204 3393 laudabo.
1243 3420 1246 3426 p

506 3623 918 3635 —————--———-—

507 3634 920 3648 Μ’·-

122 4440 144 4508 ¹)
161 4441 212 4493 Eia
231 4440 307 4503 lonis,
327 4440 371 4504 qui
389 4438 418 4491 111
436 4439 558 4506 partibus
576 4439 670 4504 lyricis
687 4443 758 4502 sunt,
777 4435 873 4488 addam
891 4436 1050 4489 asteriscum
1069 4435 1119 4502 (*).

123 4523 549 4595 2)8011110131111011001101111111101
568 4525 632 4584 Her,
650 4522 754 4577 lexicon
771 4523 866 4575 melius
884 4522 1013 4589 scriptum
1032 4535 1084 4573 non
1102 4521 1183 4577 esset.

127 4614 152 4683 ³)
172 4613 210 4673 01.
229 4611 315 4673 suein.
333 4610 368 4665 ad
383 4612 445 4672 Her,
464 4612 538 4675 122,
555 4612 582 4671 4,
