3050 5017
602 181 796 246 ..5-

65 384 250 436 sermonem
280 375 382 450 suum,
415 367 453 433 ut
483 367 629 436 sescenta
660 365 758 435 verba
790 364 960 449 abicerent,
994 383 1082 433 nova
1109 367 1323 453 quaererent?
1418 407 1423 416 -

66 468 175 552 Quam
194 469 413 538 difficultatem
432 468 677 537 Ruthetiordius
699 488 822 557 quoque
843 467 970 537 videtur
997 467 1143 554 vidisse¹)
1165 472 1261 556 atque
1283 468 1323 537 ad

66 572 448 661 spinosioraargumenta
460 571 627 659 confugit,
643 571 730 640 Dicit
741 572 823 639 enim
845 591 887 642 ex
908 571 1024 641 liberae
1035 572 1080 641 rei
1094 572 1238 661 publicae·
1245 572 1324 659 legi*-

63 676 128 745 bus
140 674 650 766 moribusquemutationemillam
661 694 843 760 emanasse;
867 675 954 763 quasi
968 674 1034 744 fieri
1052 675 1115 744 ullo
1140 675 1323 765 modepos-

63 781 123 866 sit,
136 784 177 850 ut
185 780 325 849 universi
335 779 442 870 populi
451 798 555 848 sermo
564 777 681 846 talibus
702 777 797 847 rebus
813 777 954 847 funditus
965 779 1189 848 commutetur!
1212 773 1322 847 Orata

63 884 151 952 riam
164 890 265 955 artem
278 904 319 953 ex
329 883 436 953 liberis
446 881 570 969 legibus
591 884 629 948 ut
652 881 763 949 esanis
774 881 930 950 radicibus
942 879 1326 969 exspectationeceleiius

65 991 377 1078 crescerepossoet
391 987 504 1056 florere
527 988 561 1054 et
581 1004 639 1074 per
659 984 960 1074 sepotestcogitari
980 988 1015 1052 et
1030 984 1166 1053 Athenis
1177 984 1327 1053 vidimus·

66 1091 143 1176 Quo
155 1092 248 1161 modo
258 1095 365 1160 autem
387 1111 405 1159 e
426 1089 533 1159 liberis
544 1087 702 1157 institutis
717 1089 907 1178 reipublicae
923 1089 1041 1157 formae
1051 1091 1086 1156 et
1101 1086 1327 1157 delectasset·

64 1196 185 1265 berum
207 1194 339 1265 mirabih
362 1193 494 1282 quodem
516 1191 607 1261 modo
630 1195 803 1272 mutentur,
826 1191 970 1279 equidem
997 1185 1127 1260 minime
1160 1189 1322 1278 intellege.

65 1299 170 1368 Dicat
190 1299 321 1368 forsitan
346 1297 498 1386 quispiam
530 1316 705 1366 sermonem
727 1316 919 1366 communem
952 1296 1078 1365 saeculi?
1098 1297 1200 1385 quinti
1229 1297 1322 1366 valde

66 1402 259 1471 abhoruisse
279 1422 299 1469 e
320 1419 436 1488 genere
457 1399 579 1468 dicendi
601 1399 800 1488 scriptorum.
855 1400 918 1469 Sed
951 1400 1029 1468 haee
1054 1400 1209 1489 :suspirie
1242 1415 1325 1488 qnae

66 1506 171 1574 nullis
188 1503 402 1573 fundamentis
427 1500 531 1572 fulciri
556 1505 674 1593 potest,
705 1502 774 1573 iure
805 1524 824 1571 a
857 1503 977 1572 Oauero
1009 1504 1178 1590 reicitur.²)
1222 1504 1320 1572 Nihili

67 1609 187 1678 deinde
207 1608 381 1697 putandum
403 1610 463 1692 est,
486 1605 778 1693 quodhhuoyoides
799 1606 1061 1696 propiusabest'a
1072 1622 1189 1694 genere
1200 1608 1329 1676 dicendi

68 1713 196 1796 Jonico,
219 1729 311 1799 quern
334 1710 431 1778 ceteri
453 1710 624 1798 scriptores
645 1709 757 1777 Attici.
803 1710 884 1778 Nam
906 1725 1103 1799 quamquem
1133 1732 1193 1799 qua
1215 1714 1329 1780 aetate}

68 1815 123 1884 hic
145 1815 243 1882 libros
265 1832 339 1882 suos
362 1812 506 1896 coniecit,
527 1832 630 1882 sermo
652 1812 783 1881 Atticus
805 1814 884 1881 satis
917 1814 978 1881 iarn
1011 1815 1072 1882 fuit
1097 1815 1256 1900 excultus,
1278 1855 1322 1864 —

67 1919 102 1987 id
125 1918 212 2007 quod
234 1917 364 2001 ebbio,
387 1916 440 2003 qui
461 1914 642 1984 inscribitur
664 1917 834 2001 Ἀθηναίων
862 1917 1006 2002 πολιτεία,
1041 1918 1257 2005 cognoscimrs
1277 1957 1322 1966 -

68 2028 181 2090 tamen
225 2020 410 2090 venustioris
440 2018 585 2087 Atthidis
620 2019 792 2108 scriptores
834 2022 929 2090 verba
962 2021 1109 2089 nonnulle
1145 2022 1322 2108 formasque

68 2125 218 2212 singulas
238 2124 381 2192 consulto
404 2123 629 2212 decerpserunt
650 2143 691 2191 ex
713 2124 810 2208 Jade;
833 2144 912 2211 quae
933 2125 1086 2194 etelectus
1107 2125 1168 2193 ianr
1189 2125 1261 2193 inde
1282 2125 1329 2192 ab

68 2226 302 2317 antiquissimis
324 2226 516 2315 temporibus
538 2226 727 2315 scriptorum
748 2232 974 2316 poetarumque
1005 2235 1075 2297 arte
1102 2232 1136 2296 et
1150 2228 1322 2315 diligentia

69 2332 112 2400 ad
134 2351 288 2400 summam
310 2330 520 2399 urbanitatem
543 2333 577 2398 et
599 2330 953 2420 elegantiamproducta
968 2337 1064 2402 esset.
1108 2333 1173 2400 Vix
1189 2332 1321 2420 denique

11 2429 12 2448 .
70 2456 190 2525 operae
211 2434 347 2523 pretium
371 2437 421 2502 est
442 2433 474 2500 in
495 2433 730 2522 praetereundo¹
743 2433 964 2524 Xenophontis
985 2435 1174 2504 mentionem
1195 2434 1320 2521 inicere,

70 2539 136 2627 qui,
160 2559 232 2607 cum
248 2557 455 2626 permagnam
477 2537 564 2604 vitae
593 2541 716 2625 partem
741 2538 823 2626 apud
846 2538 923 2607 alias
956 2543 1069 2626 gentes
1102 2539 1325 2628 peregrinatus

70 2646 170 2726 esset,
204 2642 386 2730 pigmentis,
418 2644 455 2708 ut
477 2640 523 2708 ita
545 2640 655 2726 dicam,
686 2641 822 2729 undique
856 2642 996 2711 collectis
1034 2643 1200 2712 dictionem
1233 2664 1321 2712 suam

69 2747 196 2815 varium
217 2747 248 2813 in
271 2746 395 2813 modum
417 2744 628 2812 exornaverit.
672 2744 713 2817 Jd
735 2745 818 2831 quod
841 2746 944 2833 aliqua
966 2766 1006 2813 ex
1027 2750 1118 2833 parte
1145 2746 1322 2834 inlhucy-

70 2851 177 2920 didem
199 2870 321 2941 quoque
344 2848 437 2918 eadit.
481 2848 558 2915 Puri
580 2848 679 2934 igitur
701 2850 853 2917 sermonis
870 2849 971 2917 Attici
985 2854 1131 2918 auctores
1152 2851 1211 2918 soli
1233 2851 1323 2919 nohis

71 2958 203 3023 manent
225 2958 376 3036 oratores
400 2952 515 3040 quippe
536 2950 588 3037 qui
606 2951 715 3018 studio
738 2956 773 3020 et
795 2952 922 3020 consilio
947 2973 1063 3021 meram
1086 2954 1227 3022 Atticam
1257 2954 1321 3021 dia

71 3057 194 3125 lectum
218 3056 428 3135 exercuerint,
449 3057 545 3141 atque
566 3053 669 3122 Plato.
713 3055 829 3142 Aliqua
841 3060 945 3124 tamen
968 3057 1019 3124 vel
1042 3057 1074 3123 in
1087 3057 1147 3125 hoc
1168 3058 1330 3146 scriptore

72 3160 249 3229 adhibendo
271 3159 435 3246 diligentia
457 3178 534 3247 opus
557 3177 626 3226 esse
648 3158 784 3242 videtur,
807 3179 877 3225 cum
899 3158 982 3227 haud
1003 3180 1074 3228 raro
1102 3161 1141 3228 ad
1167 3163 1321 3250 poeticam

71 3265 229 3333 rationem
251 3263 372 3332 dicendi
395 3261 604 3349 adscendat.³)
648 3262 715 3331 Noc
736 3263 855 3331 minore
869 3282 961 3350 quam
983 3263 1017 3331 hi
1037 3283 1150 3352 prosae
1171 3264 1321 3333 orationis

72 3368 247 3458 scriptores
279 3365 470 3435 auctoritate
503 3368 553 3435 est
574 3365 815 3454 Aristophanes,
848 3367 908 3434 nisi
940 3366 1034 3454 quod
1055 3367 1197 3435 consulto
1228 3367 1322 3437 subli-

72 3472 219 3541 mitatem
240 3474 275 3540 ot
296 3470 488 3558 gravitatem
509 3470 650 3557 tragicae
672 3468 824 3538 Camenae
847 3470 1035 3538 imitaturet
1049 3470 1161 3556 illudit,
1183 3470 1215 3538 id
1238 3471 1320 3558 quod

72 3575 104 3643 in
127 3574 261 3644 canticis
282 3574 366 3642 haud
388 3593 460 3642 raro
482 3574 585 3641 facere
600 3573 698 3648 solet.
720 3613 764 3621 -
792 3572 854 3642 Sed
887 3578 1084 3643 revertamur
1116 3574 1156 3643 ad
1186 3574 1321 3643 Ruther·

73 3679 211 3748 iordium
232 3682 385 3745 nostrum.
430 3676 588 3761 Quomodo
611 3676 664 3744 ille
686 3676 866 3765 explicabit,
900 3677 982 3764 quod
1013 3677 1095 3766 apud
1127 3678 1321 3765 Aeschylum

73 3783 175 3850 minor
197 3782 286 3870 copia
307 3781 513 3867 vestigiorum
535 3780 720 3848 vetustioris
742 3780 893 3849 sermonis
903 3781 1004 3848 Attici
1027 3822 1070 3829 —
1092 3782 1143 3850 vel
1165 3783 1262 3868 ledis,
1285 3787 1322 3850 ut

73 3886 164 3953 nobis
186 3885 291 3974 placet
312 3925 355 3932 —
378 3884 546 3967 invenitur,
569 3904 660 3971 quam
683 3883 765 3972 apud
788 3883 999 3972 Sophoclem?
1037 3885 1148 3955 Nonne
1169 3887 1321 3973 Aeschyli

75 3993 164 4059 aetas
184 3989 314 4078 propius
347 3988 498 4057 uberate
530 3988 722 4077 temporibus
756 3988 828 4072 illis,
866 3989 978 4075 quibus
1011 3988 1113 4057 Attici
1146 3991 1321 4059 vetustiore

110 4140 134 4207 ¹)
153 4137 228 4191 Dicit
255 4137 324 4189 enim
341 4154 368 4203 p.
390 4139 415 4195 2.
434 4137 532 4201 „There
550 4138 574 4189 is
601 4137 674 4189 little
701 4137 730 4189 in
756 4137 801 4190 the
828 4138 904 4192 Attio
930 4138 960 4191 of
978 4137 1173 4207 Aristophanes
1197 4139 1251 4192 eud
1276 4142 1322 4193 the

154 4225 265 4278 Oratore
283 4222 369 4276 which
383 4223 471 4276 would
488 4224 605 4277 indicate
623 4224 682 4275 thet
700 4224 723 4276 it
739 4226 765 4277 is
783 4226 846 4290 only
863 4241 879 4276 a
897 4224 1082 4293 development
1108 4227 1138 4278 of
1152 4226 1238 4291 dorric,
1268 4227 1322 4279 end

155 4327 173 4362 e
190 4310 303 4374 genuine
322 4308 484 4361 descendant
501 4309 532 4362 oi
545 4310 590 4361 the
609 4310 696 4362 Greek
714 4309 801 4364 which
818 4312 917 4363 Homer
935 4315 1043 4372 wrote*

111 4396 133 4464 ²)
153 4396 188 4450 ci.
207 4395 292 4446 Canen
309 4395 327 4450 l
347 4395 367 4454 l.
384 4411 413 4461 p.
431 4396 490 4447 435.
526 4395 628 4447 Deinde
645 4396 809 4463 Bernhardy,
827 4399 841 4449 Ι
857 4415 884 4465 p.
903 4400 947 4456 21.
967 4397 1108 4463 „wbhrend
1135 4399 1194 4452 des‘
1210 4400 1321 4452 antiton

151 4482 300 4533 Zeitraums
318 4484 375 4532 tret
393 4480 561 4547 dieSpreohe
580 4481 735 4535 desLebens
753 4485 803 4535 mit
821 4484 976 4540 derSchriit
987 4487 1015 4537 in
1032 4486 1131 4540 hainen
1143 4488 1319 4553 Gegensatz.“

108 4568 130 4638 i)
149 4569 387 4632 cf.1<rmger,gr,
408 4568 527 4634 Sprachl.
549 4569 578 4622 II
596 4573 610 4633 ξ
629 4570 664 4622 48
682 4569 742 4631 adn,
761 4573 786 4629 2,
