3050 5017
740 279 961 349 ..go-

230 459 406 530 scamnum
426 459 605 531 huiusmodi
627 462 743 530 formas
774 480 938 536 occurrere
969 461 1054 539 mur
1086 462 1133 534 ita
1165 463 1282 537 1111111111.
1310 466 1371 546 ast,
1403 483 1471 531 cum

229 565 356 636 constet
377 566 488 652 poetas
509 562 553 632 ibi
574 564 690 634 maiore
705 563 875 632 formarum
886 563 1043 634 varietate
1065 564 1123 650 uti,
1147 584 1243 652 quam
1260 564 1291 631 in
1314 564 1470 636 divortiis

229 666 297 736 Nec
317 686 392 737 vero
415 686 496 755 qnae
516 666 691 737 insanariis
708 670 849 752 exstant,
871 666 1022 738 mutanda
1033 666 1190 752 videntur,
1213 667 1470 754 quamvismultis

228 770 304 840 locis
325 771 370 841 sit
391 771 483 841 facile
504 771 611 841 addito
633 773 803 859 augmento
834 773 1039 860 anapaestum
1070 771 1182 859 pedem
1215 770 1348 856 efficere,
1382 791 1471 858 quen

229 894 287 964 pro
309 874 439 948 iarnbico
462 874 587 946 admitti
610 895 701 963 posse
723 873 803 943 satis
825 877 935 946 notum
957 878 1017 943 est.
1061 874 1124 943 Sed
1138 873 1271 964 primum
1291 873 1371 942 haec
1392 875 1471 942 ratio

228 983 279 1047 est
300 978 476 1061 violentior,
499 998 569 1050 cum
590 978 646 1052 vix
667 976 883 1064 intellegatur,
912 997 969 1050 cnr
991 977 1132 1051 omnibus
1163 977 1213 1050 bis
1246 977 1323 1050 locis
1355 977 1470 1046 librarii

230 1106 246 1152 a
267 1082 407 1152 litteram
429 1082 613 1168 omiserint3
636 1081 747 1151 deinde
770 1081 978 1152 demonstrari
999 1102 1061 1150 non
1082 1084 1191 1170 potest
1212 1084 1324 1174 poetas
1335 1080 1471 1168 tragicos

228 1186 260 1254 in
282 1185 431 1255 diverbiis
453 1186 507 1254 illa
528 1185 654 1255 licentia
677 1186 801 1253 omnino
823 1204 885 1253 non
906 1205 981 1254 usos
1006 1204 1085 1254 esse.
1129 1185 1196 1254 Nec
1218 1184 1366 1256 maiorem
1395 1184 1470 1254 veri

226 1289 438 1357 similitudinis
460 1291 596 1379 speciem
617 1307 695 1378 prae
716 1308 751 1358 se
773 1289 838 1358 fert
861 1306 970 1360 eorum
991 1288 1161 1374 sententia,
1184 1289 1237 1377 qui
1258 1292 1375 1378 putent
1399 1309 1469 1374 aug-

226 1397 366 1462 mentum
388 1394 420 1461 in
442 1393 542 1482 primo
563 1393 678 1464 senarii
699 1392 779 1482 pede
801 1393 853 1462 vel
874 1393 1098 1482 nonscriptum
1109 1396 1216 1462 tamen
1236 1393 1471 1482 pronuntiatum

227 1517 296 1566 essa
326 1497 487 1567 vocalibus
518 1497 551 1566 in
584 1497 646 1568 fine
679 1496 896 1566 antecedentis
927 1517 1039 1566 versus
1074 1496 1170 1566 elisis.
1224 1496 1315 1582 Nam,
1350 1495 1471 1564 etiamsi

225 1601 514 1690 praetermittamus
536 1601 689 1690 exempla,
712 1601 744 1670 in
767 1601 880 1689 quibus
902 1601 1011 1671 littera
1032 1621 1206 1670 consonans
1228 1601 1400 1686 antecedit,
1422 1601 1471 1668 illa

226 1709 429 1775 ratioversus
450 1705 584 1784 faciendi
605 1705 766 1774 rarissima
788 1708 838 1773 est
860 1725 918 1773 nec
939 1705 1043 1794 poetis
1066 1708 1136 1775 erat
1157 1704 1285 1791 usitata,
1307 1704 1368 1772 nisi
1392 1704 1471 1793 quod

225 1809 459 1898 particularum
473 1807 507 1875 δέ
530 1814 564 1878 et
584 1806 619 1875 τέ
641 1809 749 1880 littera
772 1833 788 1875 ε
810 1808 861 1878 hic
882 1809 944 1878 illic
975 1810 1007 1878 in
1030 1830 1179 1880 versuum
1200 1809 1313 1878 finibus
1334 1809 1471 1879 eliditur.

226 1912 344 1984 Summi
377 1917 484 1984 autem
518 1915 667 1984 momenti
698 1914 739 1983 ad
770 1913 848 1982 haec
881 1915 984 1983 omnia
1015 1914 1075 1988 boc
1105 1914 1236 2000 accedit,
1269 1913 1352 2002 quod
1384 1919 1470 1983 certo

226 2018 359 2106 quodam
369 2018 496 2088 consilio
506 2022 540 2087 et
549 2019 671 2087 ratione
680 2021 793 2107 poetae
803 2021 1005 2106 angmentum
1015 2019 1120 2088 verbis
1129 2018 1305 2089 detraxisse
1314 2016 1470 2086 videntur.

225 2121 306 2192 Nam
328 2122 469 2191 omnibus
490 2122 578 2206 locis,
599 2122 711 2209 quibus
739 2121 821 2191 tales
851 2122 970 2191 formae
1002 2125 1180 2202 occurrunt,
1214 2122 1266 2190 vel
1295 2120 1397 2189 nuntii
1422 2120 1470 2189 vel

224 2225 309 2294 servi
330 2225 510 2313 loquuntur,
533 2246 594 2294 uno
615 2225 683 2294 loco
706 2227 839 2314 excepto
861 2225 937 2294 Eur.
960 2226 1037 2295 Hec.
1062 2229 1166 2309 maa,
1197 2225 1250 2293 ubi
1273 2225 1374 2293 verba
1395 2230 1470 2292 sunt

224 2325 461 2415 Polymestoris.
505 2329 671 2397 Probanda
692 2329 792 2415 igitur
813 2329 873 2397 boc
895 2327 963 2398 loco
985 2327 1262 2397 videtur'lllmsleii
1284 2328 1469 2413 emendatio,

225 2431 277 2518 qui
300 2432 430 2502 iuvante
452 2430 570 2501 scholio
592 2432 720 2498 taaaoa’
742 2432 870 2501 scribat.
923 2431 1068 2521 Apparet
1099 2432 1200 2519 igitur
1232 2434 1266 2499 et
1298 2430 1331 2497 in
1363 2431 1468 2518 lyricis

225 2534 368 2624 partibus
391 2535 478 2602 etin
501 2534 650 2603 diverbiis
671 2534 812 2620 tragicos
833 2540 944 2623 poetas
966 2536 1124 2603 interdum
1151 2536 1356 2621 augmentum
1376 2533 1468 2621 sylla-

225 2639 328 2706 bicum
349 2639 500 2709 omisisse.
554 2638 663 2726 Neque
698 2643 805 2709 autem
838 2639 916 2709 haec
947 2644 1023 2709 sunt
1056 2639 1144 2708 Jadis
1177 2659 1289 2729 prosae
1320 2638 1469 2707 orationis

228 2741 374 2828 vestigia,
397 2763 467 2811 cum
489 2742 685 2812 Herodotum
706 2761 836 2830 prorsus
869 2743 961 2811 aliam
993 2744 1146 2812 rationem
1179 2742 1267 2831 sequi
1290 2742 1469 2827 viderimus,

223 2846 279 2916 sed
302 2866 341 2915 err
364 2845 538 2915 imitatione
560 2845 666 2934 epicae
687 2845 791 2934 poesis
814 2845 890 2914 talia
911 2849 987 2914 nata
1009 2866 1079 2916 esse
1100 2846 1168 2914 iure
1190 2845 1425 2915 contendemus.

326 2950 375 3021 Ao
397 2951 541 3039 quoniam
563 2951 602 3019 de
624 2950 782 3039 epicorum
803 2950 979 3021 imitatione
1001 2950 1227 3032 locutisumus,
1250 2968 1367 3037 paucas
1390 2949 1468 3018 eius-

224 3054 294 3124 dem
314 3055 441 3143 generis
462 3075 514 3123 res
536 3055 672 3124 fortasse
693 3052 745 3120 hic
767 3054 880 3125 afferre
901 3054 1018 3123 licebit.
1062 3054 1178 3143 Epicae
1201 3053 1283 3132 enim
1309 3056 1387 3120 sunt
1408 3053 1468 3121 for·

223 3175 293 3226 mae
313 3158 435 3228 solutae
457 3156 614 3232 ἀοιδός
635 3162 670 3225 et
692 3154 836 3242 ἀοιδή.
881 3156 1001 3242 Quibus
1011 3177 1069 3227 nec
1083 3157 1180 3248 Soph
1193 3156 1349 3232 abstinuit
1371 3176 1469 3244 neque

224 3262 300 3344 Eur
322 3262 456 3350 Legitur
488 3263 569 3331 enim
600 3260 703 3336 ἀοιδός
735 3260 833 3350 Soph.
857 3259 1261 3332 Ο.11.36.11.*1001.
1288 3260 1365 3328 Eur.
1398 3258 1466 3329 Hel

224 3367 359 3456 *1109
381 3366 504 3435 Heracl.
527 3369 601 3433 403.
645 3365 739 3434 Herc.
765 3367 858 3432 1315
862 3362 980 3450 ,ἀοιδή
1002 3363 1099 3454 Soph
1121 3364 1200 3435 Ant
1222 3367 1297 3433 883
1319 3364 1396 3432 Eur.
1418 3362 1464 3430 El

224 3469 327 3538 *148
350 3469 458 3559 Suppl
481 3471 595 3538 *910
617 3468 690 3558 pr
713 3467 966 3537 Taur.*1.283
1009 3468 1128 3536 Eodem
1148 3468 1259 3537 deinde
1282 3468 1385 3554 modo,
1407 3486 1465 3555 quo

223 3573 255 3639 in
277 3572 406 3641 vocibus
428 3570 531 3647 ἀοιδός
553 3577 587 3640 et
608 3569 696 3657 ἀοιδη
720 3573 753 3636 F
768 3571 878 3640 littera
900 3570 1014 3640 omissa
1036 3572 1154 3643 formae
1180 3571 1303 3648 solutae
1337 3572 1464 3641 effectae

222 3673 525 3762 sanatione,
511 3676 692 3762 αιστόω,
726 3674 884 3760 ἀείρω,
915 3673 1076 3740 ἄεθλον
1109 3675 1227 3744 formae
1259 3679 1336 3743 sunt
1369 3677 1463 3755 orae,

223 3799 301 3867 quas
322 3767 448 3866 tragici
464 3783 576 3868 poetae
610 3783 643 3848 et
675 3780 760 3869 ipsas
790 3781 1034 3866 usurpaverunt.
1077 3778 1196 3848 Exstat
1227 3779 1310 3847 enim
1342 3775 1463 3864 diuam)

222 3881 319 3972 Soph.
343 3881 380 3950 0.
403 3881 439 3952 0.
461 3884 478 3923 *
502 3882 672 3951 149911.
695 3885 713 3924 *
735 3885 810 3951 843.
832 3881 908 3952 Eur.
931 3882 1045 3951 Bacch.
1067 3884 1085 3923 *
1109 3887 1181 3951 141.
1203 3883 1281 3951 Hec.
1292 3883 1463 3973 31.Suppl.

223 3984 1057 4075 *962.1)111.Α111.*112.-ἆιοτόωΤι·.*881.
1086 3986 1305 4062 Ηο1.11169.
1330 3991 1464 4056 121.-

222 4088 346 4177 team)
369 4088 736 4179 80))11.οΑ110.41.81.11
759 4090 873 4158 *alo
899 4090 1015 4159 Aesch.
1049 4090 1138 4161 Pers.
1161 4091 1275 4158 *660
1308 4091 1384 4159 Eur.
1416 4091 1462 4158 m.

222 4196 336 4262 *5873
360 4193 467 4282 [111100.
490 4190 952 4283 *25)-611011119901111
975 4193 1028 4264 Tr.
1049 4196 1163 4264 *aba

257 4506 281 4576 ¹)
291 4505 336 4566 ,11.
355 4504 388 4558 de
403 4505 454 4566 luae
470 4519 535 4558 roca
552 4504 768 4558 Blera-Ructatur
785 4506 799 4559 I
816 4510 832 4570 ς
850 4508 892 4561 50.
911 4506 971 4564 adn,
991 4509 1018 4566 ὅ.

255 4591 278 4658 ²)
296 4591 332 4651 cl.
350 4589 465 4649 Brsdov.
480 4606 509 4657 p.
528 4591 588 4650 199.

255 4676 278 4744 ⁸)
297 4677 333 4736 of,
352 4675 390 4728 de.
401 4675 451 4736 hap
469 4691 534 4729 vona
551 4675 771 4730 Blawldnalrnar
787 4677 801 4727 Ι
818 4692 852 4743 p..
864 4678 925 4730 209.
